<zs:record>
      <zs:recordPacking>xml</zs:recordPacking>
      <zs:recordData>
        <record xmlns="http://www.loc.gov/MARC21/slim">
          <leader>00431nz a2200133 4500</leader>
          <controlfield tag="001">30001418</controlfield>
          <controlfield tag="003">RISM</controlfield>
          <controlfield tag="005">20121108</controlfield>
          <controlfield tag="008">121108n||az|||||||##########||||||||||||</controlfield>
          <datafield tag="043" ind1=" " ind2=" ">
            <subfield code="c">France</subfield>
          </datafield>
          <datafield tag="110" ind1="2" ind2=" ">
            <subfield code="a">Archives Départementales de Lot-et-Garonne</subfield>
            <subfield code="c">Agen</subfield>
            <subfield code="g">F-AG</subfield>
          </datafield>
          <datafield tag="622" ind1=" " ind2=" ">
            <subfield code="e">Archives Départementales, de Lot-et-Garonne, 3 Place de Verdun, 47922 Agen,
              France</subfield>
            <subfield code="u">http://www.cg47.org/archives/accueil.htm</subfield>
          </datafield>
          <datafield tag="670" ind1="2" ind2=" ">
            <subfield code="a">889</subfield>
          </datafield>
          <datafield tag="852" ind1="2" ind2=" ">
            <subfield code="b">44.203142, 0.616363</subfield>
          </datafield>
          <idzebra xmlns="http://www.indexdata.dk/zebra/">
            <size>431</size>
            <score>652</score>
            <localnumber>830974</localnumber>
            <filename>sigla/sigla.mrc</filename>
          </idzebra>
        </record>
      </zs:recordData>
      <zs:recordPosition>123</zs:recordPosition>
    </zs:record>