<zs:record>
      <zs:recordPacking>xml</zs:recordPacking>
      <zs:recordData>
        <record xmlns="http://www.loc.gov/MARC21/slim">
          <leader>00421nz a2200109 4500</leader>
          <controlfield tag="001">30006377</controlfield>
          <controlfield tag="003">RISM</controlfield>
          <controlfield tag="005">20121108</controlfield>
          <controlfield tag="008">121108n||az|||||||##########||||||||||||</controlfield>
          <datafield tag="043" ind1=" " ind2=" ">
            <subfield code="c">France</subfield>
          </datafield>
          <datafield tag="110" ind1="2" ind2=" ">
            <subfield code="a">Archives départementales de la Haute-Marne</subfield>
            <subfield code="c">Charamandes-Choignes</subfield>
            <subfield code="g">F-CHARad</subfield>
          </datafield>
          <datafield tag="622" ind1=" " ind2=" ">
            <subfield code="e">Archives départementales de la Haute, -Marne, visitors: Rue du Lycée agricole, F, -52000
              Charamandes-Choignes,, Postadresse: B. P. 509, 52011 Chaumon</subfield>
          </datafield>
          <idzebra xmlns="http://www.indexdata.dk/zebra/">
            <size>421</size>
            <score>652</score>
            <localnumber>833678</localnumber>
            <filename>sigla/sigla.mrc</filename>
          </idzebra>
        </record>
      </zs:recordData>
      <zs:recordPosition>276</zs:recordPosition>
    </zs:record>