<zs:record>
      <zs:recordPacking>xml</zs:recordPacking>
      <zs:recordData>
        <record xmlns="http://www.loc.gov/MARC21/slim">
          <leader>00396nz a2200109 4500</leader>
          <controlfield tag="001">30006380</controlfield>
          <controlfield tag="003">RISM</controlfield>
          <controlfield tag="005">20121108</controlfield>
          <controlfield tag="008">121108n||az|||||||##########||||||||||||</controlfield>
          <datafield tag="043" ind1=" " ind2=" ">
            <subfield code="c">France</subfield>
          </datafield>
          <datafield tag="110" ind1="2" ind2=" ">
            <subfield code="a">Sociéte historique et archéologique de Langres (SHAL)</subfield>
            <subfield code="c">Langres</subfield>
            <subfield code="g">F-LANshal</subfield>
          </datafield>
          <datafield tag="622" ind1=" " ind2=" ">
            <subfield code="e">Sociéte historique et archéologique de, Langres (SHAL), Hôtel du Breuil de Saint Germain,
              Place, de Verdun, F-52208 Langres</subfield>
          </datafield>
          <idzebra xmlns="http://www.indexdata.dk/zebra/">
            <size>396</size>
            <score>652</score>
            <localnumber>833357</localnumber>
            <filename>sigla/sigla.mrc</filename>
          </idzebra>
        </record>
      </zs:recordData>
      <zs:recordPosition>237</zs:recordPosition>
    </zs:record>