<zs:record>
      <zs:recordPacking>xml</zs:recordPacking>
      <zs:recordData>
        <record xmlns="http://www.loc.gov/MARC21/slim">
          <leader>00486nz a2200133 4500</leader>
          <controlfield tag="001">30076878</controlfield>
          <controlfield tag="003">RISM</controlfield>
          <controlfield tag="005">20121108</controlfield>
          <controlfield tag="008">121108n||az|||||||##########||||||||||||</controlfield>
          <datafield tag="043" ind1=" " ind2=" ">
            <subfield code="c">France</subfield>
          </datafield>
          <datafield tag="110" ind1="2" ind2=" ">
            <subfield code="a">La Bibliothèque diocésaine</subfield>
            <subfield code="c">Le Puy-en-Velay</subfield>
            <subfield code="g">F-LPbd</subfield>
          </datafield>
          <datafield tag="622" ind1=" " ind2=" ">
            <subfield code="u">http://catholique-lepuy.cef.fr/La-Bibliotheque-diocesaine.html</subfield>
          </datafield>
          <datafield tag="680" ind1="2" ind2=" ">
            <subfield code="i">Seit 2008 sind die Bibliothèque du Grand Séminaire du Puy-en-Velay und die Bibliothèque
              diocésaine miteinander vereint.</subfield>
          </datafield>
          <datafield tag="852" ind1="2" ind2=" ">
            <subfield code="b">45.042768, 3.882936</subfield>
          </datafield>
          <idzebra xmlns="http://www.indexdata.dk/zebra/">
            <size>486</size>
            <score>652</score>
            <localnumber>834792</localnumber>
            <filename>sigla/sigla.mrc</filename>
          </idzebra>
        </record>
      </zs:recordData>
      <zs:recordPosition>312</zs:recordPosition>
    </zs:record>