<zs:record>
      <zs:recordPacking>xml</zs:recordPacking>
      <zs:recordData>
        <record xmlns="http://www.loc.gov/MARC21/slim">
          <leader>00586nz a2200121 4500</leader>
          <controlfield tag="001">30006033</controlfield>
          <controlfield tag="003">RISM</controlfield>
          <controlfield tag="005">20121108</controlfield>
          <controlfield tag="008">121108n||az|||||||##########||||||||||||</controlfield>
          <datafield tag="043" ind1=" " ind2=" ">
            <subfield code="c">France</subfield>
          </datafield>
          <datafield tag="110" ind1="2" ind2=" ">
            <subfield code="a">Bibliothèque du Département d'Éducation Musicale et de Musicologie, U.E.R. des Sciences
              de l'Homme et de son Environnement, Université Lyon II</subfield>
            <subfield code="c">Lyon</subfield>
            <subfield code="g">F-LYmu</subfield>
          </datafield>
          <datafield tag="622" ind1=" " ind2=" ">
            <subfield code="e">Bibliothèque du Département d'Éducati, Musicale et de Musicologie, U.E.R. des, Sciences
              de l'Homme et de son, Environnement, Université Lyon II, 18, quai Claude-Bernard, F-69365 Lyon, Cedex
              2</subfield>
          </datafield>
          <datafield tag="852" ind1="2" ind2=" ">
            <subfield code="b">45.764043, 4.835659</subfield>
          </datafield>
          <idzebra xmlns="http://www.indexdata.dk/zebra/">
            <size>586</size>
            <score>652</score>
            <localnumber>831432</localnumber>
            <filename>sigla/sigla.mrc</filename>
          </idzebra>
        </record>
      </zs:recordData>
      <zs:recordPosition>128</zs:recordPosition>
    </zs:record>