<zs:record>
      <zs:recordPacking>xml</zs:recordPacking>
      <zs:recordData>
        <record xmlns="http://www.loc.gov/MARC21/slim">
          <leader>00368nz a2200121 4500</leader>
          <controlfield tag="001">30006140</controlfield>
          <controlfield tag="003">RISM</controlfield>
          <controlfield tag="005">20121108</controlfield>
          <controlfield tag="008">121108n||az|||||||##########||||||||||||</controlfield>
          <datafield tag="043" ind1=" " ind2=" ">
            <subfield code="c">France</subfield>
          </datafield>
          <datafield tag="110" ind1="2" ind2=" ">
            <subfield code="a">Archives départementales des Pyrénées orientales</subfield>
            <subfield code="c">Perpignan</subfield>
            <subfield code="g">F-PERad</subfield>
          </datafield>
          <datafield tag="622" ind1=" " ind2=" ">
            <subfield code="e">Archives départementales des Pyrénées, orientales, F-Perpignan</subfield>
          </datafield>
          <datafield tag="852" ind1="2" ind2=" ">
            <subfield code="b">42.698684, 2.8958719</subfield>
          </datafield>
          <idzebra xmlns="http://www.indexdata.dk/zebra/">
            <size>368</size>
            <score>652</score>
            <localnumber>832114</localnumber>
            <filename>sigla/sigla.mrc</filename>
          </idzebra>
        </record>
      </zs:recordData>
      <zs:recordPosition>167</zs:recordPosition>
    </zs:record>