<zs:record>
      <zs:recordPacking>xml</zs:recordPacking>
      <zs:recordData>
        <record xmlns="http://www.loc.gov/MARC21/slim">
          <leader>00424nz a2200121 4500</leader>
          <controlfield tag="001">30006094</controlfield>
          <controlfield tag="003">RISM</controlfield>
          <controlfield tag="005">20121108</controlfield>
          <controlfield tag="008">121108n||az|||||||##########||||||||||||</controlfield>
          <datafield tag="043" ind1=" " ind2=" ">
            <subfield code="c">France</subfield>
          </datafield>
          <datafield tag="110" ind1="2" ind2=" ">
            <subfield code="a">Médiathèque Musicale Mahler</subfield>
            <subfield code="c">Paris</subfield>
            <subfield code="g">F-Pgm</subfield>
          </datafield>
          <datafield tag="410" ind1="2" ind2=" ">
            <subfield code="a">Centre de Documentation Musicale-Bibliothèque Gustav Mahler</subfield>
          </datafield>
          <datafield tag="622" ind1=" " ind2=" ">
            <subfield code="e">Médiathèque Musicale Mahler, 11 bis Rue de Vézelay, 75008 Paris, France</subfield>
            <subfield code="u">http://www.mediathequemahler.org/</subfield>
          </datafield>
          <idzebra xmlns="http://www.indexdata.dk/zebra/">
            <size>424</size>
            <score>652</score>
            <localnumber>834402</localnumber>
            <filename>sigla/sigla.mrc</filename>
          </idzebra>
        </record>
      </zs:recordData>
      <zs:recordPosition>292</zs:recordPosition>
    </zs:record>