<zs:record>
      <zs:recordPacking>xml</zs:recordPacking>
      <zs:recordData>
        <record xmlns="http://www.loc.gov/MARC21/slim">
          <leader>00494nz a2200121 4500</leader>
          <controlfield tag="001">30003365</controlfield>
          <controlfield tag="003">RISM</controlfield>
          <controlfield tag="005">20121108</controlfield>
          <controlfield tag="008">121108n||az|||||||##########||||||||||||</controlfield>
          <datafield tag="043" ind1=" " ind2=" ">
            <subfield code="c">F</subfield>
          </datafield>
          <datafield tag="110" ind1="2" ind2=" ">
            <subfield code="a">Bibliothèque Polonaise de Paris - Société Historique et Littéraire Polonaise
              &lt;Paris&gt;</subfield>
            <subfield code="c">Paris</subfield>
            <subfield code="g">F-Ppo</subfield>
          </datafield>
          <datafield tag="622" ind1=" " ind2=" ">
            <subfield code="e">Bibliothèque Polonaise de Paris -, Société Historique et Littéraire, Polonaise, 6 Quai
              d'Orléans, F-75 Paris IV</subfield>
            <subfield code="u">http://www.bibliotheque-polonaise-paris-shlp.fr</subfield>
          </datafield>
          <datafield tag="852" ind1="2" ind2=" ">
            <subfield code="b">48.856614, 2.3522219</subfield>
          </datafield>
          <idzebra xmlns="http://www.indexdata.dk/zebra/">
            <size>494</size>
            <score>652</score>
            <localnumber>829546</localnumber>
            <filename>sigla/sigla.mrc</filename>
          </idzebra>
        </record>
      </zs:recordData>
      <zs:recordPosition>23</zs:recordPosition>
    </zs:record>