<zs:record>
      <zs:recordPacking>xml</zs:recordPacking>
      <zs:recordData>
        <record xmlns="http://www.loc.gov/MARC21/slim">
          <leader>00450nz a2200121 4500</leader>
          <controlfield tag="001">30006095</controlfield>
          <controlfield tag="003">RISM</controlfield>
          <controlfield tag="005">20121108</controlfield>
          <controlfield tag="008">121108n||az|||||||##########||||||||||||</controlfield>
          <datafield tag="043" ind1=" " ind2=" ">
            <subfield code="c">F</subfield>
          </datafield>
          <datafield tag="110" ind1="2" ind2=" ">
            <subfield code="a">Centre de Musique Baroque (Bibliothèque Sébastien de Brossard)
              &lt;Versailles&gt;</subfield>
            <subfield code="c">Versailles</subfield>
            <subfield code="g">F-Vmb</subfield>
          </datafield>
          <datafield tag="622" ind1=" " ind2=" ">
            <subfield code="e">Centre de Musique Baroque (Bibliothèque, Sébastien de Brossard), 22, av. de Paris,
              F-78000 Versailles</subfield>
            <subfield code="u">http://www.cmbv.com</subfield>
          </datafield>
          <datafield tag="852" ind1="2" ind2=" ">
            <subfield code="b">39.8850477, -90.6559611</subfield>
          </datafield>
          <idzebra xmlns="http://www.indexdata.dk/zebra/">
            <size>450</size>
            <score>652</score>
            <localnumber>835432</localnumber>
            <filename>sigla/sigla.mrc</filename>
          </idzebra>
        </record>
      </zs:recordData>
      <zs:recordPosition>354</zs:recordPosition>
    </zs:record></zs:records>
</zs:searchRetrieveResponse>
